% Encoding: UTF-8

@Book{Holland1992,
  title     = {Adaptation in Natural and Artificial Systems},
  publisher = {MIT Press Ltd},
  year      = {1992},
  author    = {Holland, John H.},
  address   = {Cambridge, MA},
  edition   = {2},
  isbn      = {0262581116},
  comment   = {Definição formal do algoritmo evolutivo},
  date      = {1992-04-29},
  ean       = {9780262581110},
  keywords  = {rank4},
  pagetotal = {232},
}

@Book{Linden2008,
  title     = {Algoritmos Geneticos},
  publisher = {Brasport},
  year      = {2008},
  author    = {Ricardo Linden},
  address   = {Rio de Janeiro},
  edition   = {2},
  isbn      = {978-8574523736},
  comment   = {Base do trabalho},
  keywords  = {rank5},
  owner     = {Fabricio Kassardjian},
}

@Book{Mitchell1996,
  title     = {An Introduction to Genetic Algorithms (Complex Adaptive Systems)},
  publisher = {The MIT Press},
  year      = {1996},
  author    = {Melanie Mitchell},
  address   = {Cambridge, MA},
  edition   = {1},
  isbn      = {0262133164},
  owner     = {Fabricio Kassardjian},
}

@Book{Goldberg1989,
  title     = {Genetic Algorithms in Search, Optimization, and Machine Learning},
  publisher = {Addison-Wesley Professional},
  year      = {1989},
  author    = {David E. Goldberg},
  address   = {Reading, MA},
  edition   = {1},
  isbn      = {0201157675},
  owner     = {Fabricio Kassardjian},
}

@Book{Spall2003,
  title     = {Introduction to Stochastic Search and Optimization},
  publisher = {John Wiley \& Sons},
  year      = {2003},
  author    = {James C. Spall},
  address   = {Hoboken, NJ},
  isbn      = {0471330523},
  date      = {2003-03-26},
  ean       = {9780471330523},
  owner     = {Fabricio Kassardjian},
  pagetotal = {620},
}

@Book{Coello2007,
  title     = {Evolutionary Algorithms for Solving Multi-Objective Problems (Genetic and Evolutionary Computation)},
  publisher = {Springer},
  year      = {2007},
  author    = {Carlos Coello Coello and Gary B. Lamont and David A. van Veldhuizen},
  address   = {New York, NY},
  isbn      = {978-0-387-36797-2},
  owner     = {Fabricio Kassardjian},
}

@Book{ColinR.Reeves2002,
  title     = {Genetic Algorithms: Principles and Perspectives: A Guide to Ga Theory},
  publisher = {SPRINGER NATURE},
  year      = {2002},
  author    = {Colin R. Reeves, Jonathan E. Rowe},
  isbn      = {1402072406},
  date      = {2002-12-31},
  ean       = {9781402072406},
  owner     = {Fabricio Kassardjian},
  pagetotal = {332},
}

@Book{Grefenstette2012,
  title     = {Genetic Algorithms for Machine Learning},
  publisher = {Springer-Verlag GmbH},
  year      = {2012},
  author    = {John J. Grefenstette},
  address   = {New York, NY},
  isbn      = {1461361826},
  date      = {2012-12-22},
  ean       = {9781461361824},
  owner     = {Fabricio Kassardjian},
  pagetotal = {163},
}

@Book{Kwong2001,
  title     = {Genetic Algorithms},
  publisher = {Springer London},
  year      = {2001},
  author    = {Kwong, Sam and Man, Kim-Fung and Tang, Kit-Sang},
  address   = {London},
  isbn      = {1852330724},
  date      = {2001-02-19},
  ean       = {9781852330729},
  owner     = {Fabricio Kassardjian},
  pagetotal = {360},
}

@Book{LeeJacobson2015,
  title     = {Genetic Algorithms in Java Basics},
  publisher = {Springer-Verlag GmbH},
  year      = {2015},
  author    = {Lee Jacobson, Burak Kanber},
  address   = {New York, NY},
  date      = {2015-11-28},
  ean       = {9781484203286},
  owner     = {Fabricio Kassardjian},
}

@Book{Sivanandam2007,
  title     = {Introduction to Genetic Algorithms},
  publisher = {Springer},
  year      = {2007},
  author    = {S.N. Sivanandam and S. N. Deepa},
  address   = {New York, NY},
  isbn      = {978-3-540-73189-4},
  owner     = {Fabricio Kassardjian},
}

@Book{Klug2011,
  title     = {Concepts of Genetics},
  publisher = {Benjamin Cummings},
  year      = {2011},
  author    = {William S. Klug and Michael R. Cummings and Charlotte A. Spencer and Michael A. Palladino},
  address   = {São Francisco, CA},
  isbn      = {978-0-321-72412-0},
  owner     = {Fabricio Kassardjian},
}

@Book{McCoy1973,
  title     = {The Two-Dimensional Ising model},
  publisher = {Harvard University Press},
  year      = {1973},
  author    = {McCoy, Barry M. and Wu, Tai Tsun},
  address   = {Cambridge, Mass},
  isbn      = {0674914406},
  note      = {[by] Barry M. McCoy and Tai Tsun Wu., Includes bibliographical references.},
  issuance  = {monographic},
  keywords  = {Ising model},
  language  = {eng},
  lccn      = {77188972},
  owner     = {Fabricio Kassardjian},
  source    = {DLC},
}

@MastersThesis{Lucena2014,
  author   = {José Emilio de Lucena Junior},
  title    = {Modelo de Ising Aplicado ao estudo da criminalidade},
  school   = {Escola de Artes, Ciências e Humanidades da Universidade de São Paulo},
  year     = {2014},
  type     = {Mestrado em Ciências},
  address  = {São Paulo},
  owner    = {Fabricio Kassardjian},
  pagename = {f.},
  pages    = {56},
}

@Article{Pechersky2017,
  author = {Eugene Pechersky and Guillem Via and Anatoly Yambartsev},
  title  = {Stochastic Ising model with plastic interactions},
  year   = {2017},
  volume = {123},
  pages  = {100-106},
  issn   = {0167-7152},
  doi    = {10.1016/j.spl.2016.11.028},
  owner  = {Fabricio Kassardjian},
}

@MastersThesis{Melo2014,
  author   = {Leonardo Cavalcanti de Mélo},
  title    = {Magnetização Espontânea em Modelos de Ising Uni-Dimensionais com Interação de Longo Alcance},
  school   = {Departamento de Matemática da Universidade de Brasília},
  year     = {2014},
  type     = {Mestrado em Matemática},
  address  = {Brasília},
  owner    = {Fabricio Kassardjian},
  pagename = {f.},
  pages    = {89},
}

@Book{Vose1999,
  title     = {The Simple Genetic Algorithm: Foundations and Theory},
  publisher = {The MIT Press},
  year      = {1999},
  author    = {Michael D. Vose},
  address   = {Cambridge, MA},
  owner     = {Fabricio Kassardjian},
}

@Article{Nix1992,
  author    = {Allen E. Nix and Michael D. Vose},
  title     = {Modeling genetic algorithms with Markov chains},
  journal   = {Annals of Mathematics and Artificial Intelligence},
  year      = {1992},
  volume    = {5},
  number    = {1},
  pages     = {79--88},
  month     = {mar},
  doi       = {10.1007/bf01530781},
  owner     = {Fabricio Kassardjian},
  publisher = {Springer Science and Business Media {LLC}},
}

@Article{Vose1991PunctuatedEI,
  author  = {Michael D. Vose and Gunar E. Liepins},
  title   = {Punctuated Equilibria in Genetic Search},
  journal = {Complex Systems},
  year    = {1991},
  volume  = {5},
  owner   = {Fabricio Kassardjian},
}

@Article{Pruegel-Bennett1994,
  author    = {Adam Prügel-Bennett and Jonathan L. Shapiro},
  title     = {Analysis of genetic algorithms using statistical mechanics},
  journal   = {Physical Review Letters},
  year      = {1994},
  volume    = {72},
  number    = {9},
  pages     = {1305--1309},
  month     = {feb},
  doi       = {10.1103/physrevlett.72.1305},
  owner     = {Fabricio Kassardjian},
  publisher = {American Physical Society ({APS})},
}

@Comment{jabref-meta: databaseType:bibtex;}
